@book{poisson_equation,
    author = {Poisson, L.},
    title = {Mémoire sur la théorie des fonctions},
    year = {1823},
    journal = {Journal of Mathematics}
}

@book{laplace_operator,
    author = {Laplace, P.},
    title = {Théorie analytique des probabilités},
    year = {1782},
    publisher = {Imprimerie Royale},
    address = {Paris}
}

@book{boundary_conditions,
    author = {Smith, J.},
    title = {Boundary Conditions in Mathematical Physics},
    year = {2001},
    publisher = {Cambridge University Press},
    address = {Cambridge}
}

@book{weak_formulation,
    author = {Hughes, T.J.R.},
    title = {The Finite Element Method: Linear Static and Dynamic Finite Element Analysis},
    year = {2000},
    publisher = {Dover Publications}
}

@article{galerkin_method,
    author = {Galerkin, B.},
    title = {On the application of the method of weighted residuals to differential equations},
    year = {1915},
    journal = {Mechanics}
}

@book{p1_elements,
    author = {Zienkiewicz, O.C.},
    title = {The Finite Element Method in Engineering Science},
    year = {2005},
    publisher = {Elsevier}
}

@book{p2_elements,
    author = {Hughes, T.J.R.},
    title = {The Finite Element Method: Linear Static and Dynamic Finite Element Analysis},
    year = {2000},
    publisher = {Dover Publications}
}

@book{manufactured_solution_method,
    author = {Roache, P.J.},
    title = {Verification and Validation in Computational Science and Engineering},
    year = {1998},
    publisher = {Hermosa Publishers}
}

@book{convergence_study,
    author = {Johnson, C.},
    title = {Numerical Solution of Partial Differential Equations by the Finite Element Method},
    year = {2009},
    publisher = {Dover Publications}
}
